@misc{kali,
  title = {Kali Linux aarch64},
  howpublished = {\url{https://cdimage.kali.org/kali-2023.1/kali-linux-2023.1-installer-arm64.iso}},
  note = {URL consultato il 14 maggio 2023}
}

@misc{kali-utm,
  title = {Kali Linux 2022 | UTM documentation},
  howpublished = {\url{https://docs.getutm.app/guides/kali/}},
  note = {URL consultato il 14 maggio 2023}
}