@misc{sue,
  howpublished = {\url{https://it.wordpress.org/plugins/stop-user-enumeration/}},
  title        = {Stop User Enumeration - Plugin WordPress},
  note = {URL consultato l'8 giugno 2023}
}

@misc{13272,
  howpublished = {\url{https://nvd.nist.gov/vuln/detail/cve-2019-13272}},
  title        = {CVE-2019-13272},
  note = {URL consultato l'8 giugno 2023}
}

@misc{18634,
  howpublished = {\url{https://nvd.nist.gov/vuln/detail/cve-2019-18634}},
  title        = {CVE-2019-18634},
  note = {URL consultato l'8 giugno 2023}
}

@misc{22555,
  howpublished = {\url{https://nvd.nist.gov/vuln/detail/cve-2021-22555}},
  title        = {CVE-2019-13272},
  note = {URL consultato l'8 giugno 2023}
}

